@article{no_free_lunch,
	author = {Wolpert, David H.},
	title = {The Lack of A Priori Distinctions Between Learning Algorithms},
	journal = {Neural Computation},
	volume = {8},
	number = {7},
	pages = {1341-1390},
	year = {1996},
	doi = {10.1162/neco.1996.8.7.1341},
	URL = {https://doi.org/10.1162/neco.1996.8.7.1341},
	eprint = {https://doi.org/10.1162/neco.1996.8.7.1341}
}

@incollection{Rosetta3,
	title = "Rosetta3: An Object-Oriented Software Suite for the Simulation and Design of Macromolecules ",
	editor = "Michael L. Johnson and Ludwig Brand",
	booktitle = "Computer Methods, Part C",
	publisher = "Academic Press",
	year = "2011",
	volume = "487",
	pages = "545 - 574",
	series = "Methods in Enzymology ",
	issn = "0076-6879",
	doi = "10.1016/B978-0-12-381270-4.00019-6",
	url = "http://www.sciencedirect.com/science/article/pii/B9780123812704000196",
	author = "Andrew Leaver-Fay and Michael Tyka and Steven M. Lewis and Oliver F. Lange and James Thompson and Ron Jacak and Kristian W. Kaufman and P. Douglas Renfrew and Colin A. Smith and Will Sheffler and Ian W. Davis and Seth Cooper and Adrien Treuille and Daniel J. Mandell and Florian Richter and Yih-En Andrew Ban and Sarel J. Fleishman and Jacob E. Corn and David E. Kim and Sergey Lyskov and Monica Berrondo and Stuart Mentzer and Zoran Popović and James J. Havranek and John Karanicolas and Rhiju Das and Jens Meiler and Tanja Kortemme and Jeffrey J. Gray and Brian Kuhlman and David Baker and Philip Bradley",
	chapter = "19"
}

@article{plmDCA,
	title = "Fast pseudolikelihood maximization for direct-coupling analysis of protein structure from many homologous amino-acid sequences ",
	journal = "Journal of Computational Physics ",
	volume = "276",
	number = "",
	pages = "341 - 356",
	year = "2014",
	note = "",
	issn = "0021-9991",
	doi = "10.1016/j.jcp.2014.07.024",
	url = "http://dx.doi.org/10.1016/j.jcp.2014.07.024",
	author = "Magnus Ekeberg and Tuomo Hartonen and Erik Aurell",
	keywords = "Protein structure prediction",
	keywords = "Contact map",
	keywords = "Direct-coupling analysis",
	keywords = "Potts model",
	keywords = "Pseudolikelihood",
	keywords = "Inference "
}

@article{PSICOV, title={{PSICOV:} precise structural contact prediction using sparse inverse covariance estimation on large multiple sequence alignments}, volume={28}, ISSN={1460-2059}, url={http://dx.doi.org/10.1093/bioinformatics/btr638}, DOI={10.1093/bioinformatics/btr638}, number={2}, journal={Bioinformatics}, publisher={Oxford University Press (OUP)}, author={Jones, D. T. and Buchan, D. W. A. and Cozzetto, D. and Pontil, M.}, year={2011}, month={Nov}, pages={184–190}}

@article{GaussDCA, title={Fast and Accurate Multivariate Gaussian Modeling of Protein Families: Predicting Residue Contacts and Protein-Interaction Partners}, volume={9}, ISSN={1932-6203}, url={http://dx.doi.org/10.1371/journal.pone.0092721}, DOI={10.1371/journal.pone.0092721}, number={3}, journal={PLoS ONE}, publisher={Public Library of Science (PLoS)}, author={Baldassi, Carlo and Zamparo, Marco and Feinauer, Christoph and Procaccini, Andrea and Zecchina, Riccardo and Weigt, Martin and Pagnani, Andrea}, editor={Hamacher, KayEditor}, year={2014}, month={Mar}, pages={e92721}}

@article{psipred,
	title = "Protein secondary structure prediction based on position-specific scoring matrices1 ",
	journal = "Journal of Molecular Biology ",
	volume = "292",
	number = "2",
	pages = "195 - 202",
	year = "1999",
	note = "",
	issn = "0022-2836",
	doi = "10.1006/jmbi.1999.3091",
	url = "http://www.sciencedirect.com/science/article/pii/S0022283699930917",
	author = "David T Jones",
	keywords = "protein structure prediction",
	keywords = "secondary structure",
	keywords = "protein folding",
	keywords = "sequence analysis",
	keywords = "neural network ",
}
 
 
@online{PDBweb,
	title = {{RCSB} {Protein Data Bank}},
	key = {PDB},
	date = {January 25, 2016},
	year= {2016},
	url = {http://www.rcsb.org/}
}
  
@article{PDB,
  	author = {Berman, Helen M. and Westbrook, John and Feng, Zukang and Gilliland, Gary and Bhat, T. N. and Weissig, Helge and Shindyalov, Ilya N. and Bourne, Philip E.}, 
  	title = {The Protein Data Bank},
  	volume = {28}, 
  	number = {1}, 
  	pages = {235-242}, 
  	year = {2000}, 
  	doi = {10.1093/nar/28.1.235}, 
  	abstract ={The Protein Data Bank (PDB; http://www.rcsb.org/pdb/ ) is the single worldwide archive of structural data of biological macromolecules. This paper describes the goals of the PDB, the systems in place for data deposition and access, how to obtain further information, and near-term plans for the future development of the resource.}, 
  	URL = {http://nar.oxfordjournals.org/content/28/1/235.abstract}, 
  	eprint = {http://nar.oxfordjournals.org/content/28/1/235.full.pdf+html}, 
  	journal = {Nucleic Acids Research} 
}
  
@article{uniref, title={UniRef: comprehensive and non-redundant UniProt reference clusters}, volume={23}, ISSN={1460-2059}, url={http://dx.doi.org/10.1093/bioinformatics/btm098}, DOI={10.1093/bioinformatics/btm098}, number={10}, journal={Bioinformatics}, publisher={Oxford University Press (OUP)}, author={Suzek, B. E. and Huang, H. and McGarvey, P. and Mazumder, R. and Wu, C. H.}, year={2007}, month={Mar}, pages={1282–1288}}
  
@article{sklearn,
  	title={Scikit-learn: Machine Learning in {P}ython},
  	author={Pedregosa, F. and Varoquaux, G. and Gramfort, A. and Michel, V.
  	and Thirion, B. and Grisel, O. and Blondel, M. and Prettenhofer, P.
  	and Weiss, R. and Dubourg, V. and Vanderplas, J. and Passos, A. and
  	Cournapeau, D. and Brucher, M. and Perrot, M. and Duchesnay, E.},
  	journal={Journal of Machine Learning Research},
  	volume={12},
  	pages={2825--2830},
  	year={2011}
}

@article{firstcontact,
	title = "Sequence conservation and correlation measures in protein structure prediction",
	journal = "Computers \& Chemistry",
	volume = {8},
	number = {3},
	pages = {245--249},
	year = {1994},
	issn = "0097-8485",
	doi = "10.1016/0097-8485(94)85019-4",
	url = "http://www.sciencedirect.com/science/article/pii/0097848594850194",
	author = {Hatrick, Kerr and Taylor, William R.},	
}

@article {firstcontact2,
	author = {G\"{o}bel, Ulrike and Sander, Chris and Schneider, Reinhard and Valencia, Alfonso},
	title = {Correlated mutations and residue contacts in proteins},
	journal = {Proteins: Structure, Function, and Bioinformatics},
	volume = {18},
	number = {4},
	publisher = {Wiley Subscription Services, Inc., A Wiley Company},
	issn = {1097-0134},
	url = {http://dx.doi.org/10.1002/prot.340180402},
	doi = {10.1002/prot.340180402},
	pages = {309--317},
	keywords = {protein structure prediction, predicted contact maps, correlated mutations},
	year = {1994},
}

@article{inducedmutations,
	author = {Shindyalov, I.N. and Kolchanov, N.A. and Sander, C.}, 
	title = {Can three-dimensional contacts in protein structures be predicted by analysis of correlated mutations?},
	volume = {7}, 
	number = {3}, 
	pages = {349-358}, 
	year = {1994}, 
	doi = {10.1093/protein/7.3.349}, 
	URL = {http://peds.oxfordjournals.org/content/7/3/349.abstract}, 
	eprint = {http://peds.oxfordjournals.org/content/7/3/349.full.pdf+html}, 
	journal = {Protein Engineering} 
}


@article{hhblits,
title={{HHblits}: lightning-fast iterative protein sequence searching by {HMM-HMM} alignment}, volume={9}, ISSN={1548-7105}, url={http://dx.doi.org/10.1038/nmeth.1818}, doi={10.1038/nmeth.1818}, number={2}, journal={Nature Methods}, publisher={Nature Publishing Group}, author={Remmert, Michael and Biegert, Andreas and Hauser, Andreas and Söding, Johannes}, year={2011}, month={Dec}, pages={173–175}}

@inproceedings{jackhmmer,
    author = {Eddy, Sean R.},
    booktitle = {Genome Informatics 2009 - Proceedings of the 20th International Conference},
    doi = {10.1142/9781848165632\_0019},
    isbn = {9781848165625},
    keywords = {clustering, evolution, gene},
    location = {Pacifico Yokohama, Japan},
    pages = {205--211},
    posted-at = {2012-07-03 14:50:16},
    priority = {2},
    publisher = {Imperial College Press},
    title = {A NEW GENERATION OF HOMOLOGY SEARCH TOOLS BASED ON PROBABILISTIC INFERENCE},
    url = {http://dx.doi.org/10.1142/9781848165632\_0019},
    doi = {10.1142/9781848165632\_0019},
    year = {2009}
}

@misc{tensorflow,
	title={{TensorFlow}: Large-Scale Machine Learning on Heterogeneous Systems},
	url={http://tensorflow.org/},
	note={Software available from tensorflow.org},
	author={
	    Mart\'{\i}n~Abadi and
	    Ashish~Agarwal and
	    Paul~Barham and
	    Eugene~Brevdo and
	    Zhifeng~Chen and
	    Craig~Citro and
	    Greg~S.~Corrado and
	    Andy~Davis and
	    Jeffrey~Dean and
	    Matthieu~Devin and
	    Sanjay~Ghemawat and
	    Ian~Goodfellow and
	    Andrew~Harp and
	    Geoffrey~Irving and
	    Michael~Isard and
	    Yangqing Jia and
	    Rafal~Jozefowicz and
	    Lukasz~Kaiser and
	    Manjunath~Kudlur and
	    Josh~Levenberg and
	    Dan~Man\'{e} and
	    Rajat~Monga and
	    Sherry~Moore and
	    Derek~Murray and
	    Chris~Olah and
	    Mike~Schuster and
	    Jonathon~Shlens and
	    Benoit~Steiner and
	    Ilya~Sutskever and
	    Kunal~Talwar and
	    Paul~Tucker and
	    Vincent~Vanhoucke and
	    Vijay~Vasudevan and
	    Fernanda~Vi\'{e}gas and
	    Oriol~Vinyals and
	    Pete~Warden and
	    Martin~Wattenberg and
	    Martin~Wicke and
	    Yuan~Yu and
	    Xiaoqiang~Zheng},
	  year={2015},
}


@book{protein_physics,
	title = "Protein Physics",
	subtitle = "A course of lectures",
	author = "Finkelstein, Alexei V.  and Ptitsyn, Oleg B. ",
	publisher = "Academic Press",
	edition = "1",
	address = "London",
	year = "2002",
	pages = "349 - 354",
	series = "Soft Condensed Matter, Complex Fluids and Biomaterials",
	isbn = "978-0-12-256781-0",
	doi = "10.1016/B978-012256781-0/50030-5",
	url = "http://www.sciencedirect.com/science/article/pii/B9780122567810500305",
}

@article{ProQ3D, title={{ProQ3D}: improved model quality assessments using deep learning}, ISSN={1460-2059}, url={http://dx.doi.org/10.1093/bioinformatics/btw819}, DOI={10.1093/bioinformatics/btw819}, journal={Bioinformatics}, publisher={Oxford University Press (OUP)}, author={Uziela, Karolis and Menéndez Hurtado, David and Shu, Nanjiang and Wallner, Björn and Elofsson, Arne}, year={2017}, month={Jan}, pages={btw819}}

@article{lddt, title={{lDDT}: a local superposition-free score for comparing protein structures and models using distance difference tests}, volume={29}, ISSN={1460-2059}, url={http://dx.doi.org/10.1093/bioinformatics/btt473}, DOI={10.1093/bioinformatics/btt473}, number={21}, journal={Bioinformatics}, publisher={Oxford University Press (OUP)}, author={Mariani, Valerio and Biasini, Marco and Barbato, Alessandro and Schwede, Torsten}, year={2013}, month={Aug}, pages={2722--2728}}


@article{dssp, title={Dictionary of protein secondary structure: Pattern recognition of hydrogen-bonded and geometrical features}, volume={22}, ISSN={1097-0282}, url={http://dx.doi.org/10.1002/bip.360221211}, DOI={10.1002/bip.360221211}, number={12}, journal={Biopolymers}, publisher={Wiley-Blackwell}, author={Kabsch, Wolfgang and Sander, Christian}, year={1983}, month={Dec}, pages={2577--2637}}

@article{adam,
	title={Adam: A method for stochastic optimization},
	author={Kingma, Diederik and Ba, Jimmy},
	journal={International Conference for Learning Representations},
	year={2015},
	url={https://arxiv.org/abs/1412.6980}
}

@article{dropout,
	title={Dropout: a simple way to prevent neural networks from overfitting.},
	author={Srivastava, Nitish and Hinton, Geoffrey E and Krizhevsky, Alex and Sutskever, Ilya and Salakhutdinov, Ruslan},
	journal={Journal of Machine Learning Research},
	volume={15},
	number={1},
	pages={1929--1958},
	year={2014},
	url={http://jmlr.org/papers/volume15/srivastava14a/srivastava14a.pdf},
}

@article{bn,
	author    = {Sergey Ioffe and Christian Szegedy},
	title     = {Batch Normalization: Accelerating Deep Network Training by Reducing
	            Internal Covariate Shift},
	journal   = {Proceedings of the 32nd International  Conference  on  Machine   Learning},
	volume    = {37},
	year      = {2015},
	url       = {http://arxiv.org/abs/1502.03167},
	timestamp = {Mon, 02 Mar 2015 14:17:34 +0100},
	biburl    = {http://dblp.uni-trier.de/rec/bib/journals/corr/IoffeS15},
	bibsource = {dblp computer science bibliography, http://dblp.org}
}

@article{iris_dataset, title={The use of multiple measurements in taxonomic problems}, volume={7}, ISSN={2050-1420}, url={http://dx.doi.org/10.1111/j.1469-1809.1936.tb02137.x}, DOI={10.1111/j.1469-1809.1936.tb02137.x}, number={2}, journal={Annals of Eugenics}, publisher={Wiley}, author={Fisher, R. A.}, year={1936}, month={Sep}, pages={179–188}}

@article{backprop, title={Learning representations by back-propagating errors}, volume={323}, ISSN={1476-4687}, url={http://dx.doi.org/10.1038/323533a0}, DOI={10.1038/323533a0}, number={6088}, journal={Nature}, publisher={Springer Nature}, author={Rumelhart, David E. and Hinton, Geoffrey E. and Williams, Ronald J.}, year={1986}, month={Oct}, pages={533–536}}
 
@online{dl_course,
	author = {Vincent Vanhoucke},
	editor = {Coursera},
	title = {Deep Learning course},
	date = {2019-07-01},
	year = {2016},
	url = {https://eu.udacity.com/course/deep-learning--ud730},
}
 

@article{genSA,
	title = "Generalized simulated annealing",
	journal = "Physica A: Statistical Mechanics and its Applications",
	volume = "233",
	number = "1",
	pages = "395 - 406",
	year = "1996",
	issn = "0378-4371",
	doi = "https://doi.org/10.1016/S0378-4371(96)00271-3",
	url = "http://www.sciencedirect.com/science/article/pii/S0378437196002713",
	author = "Constantino Tsallis and Daniel A. Stariolo",
	keywords = "Simulated annealing, Optimization, Gradient descent, Generalized thermostatistics",
	abstract = "We discuss and illustrate a new stochastic algorithm (generalized simulated annealing) for computationally finding the global minimum of a given (not necessarily convex) energy/cost function defined in a continuous D-dimensional space. This algorithm recovers, as particular cases, the so-called classical (“Boltzmann machine”) and fast (“Cauchy machine”) simulated annealings, and turns out to be quicker than both."
}

@inproceedings{nag,
	title={A method for solving the convex programming problem with convergence rate O (1/k\^{} 2)},
	author={Nesterov, Yurii E},
	booktitle={Dokl. akad. nauk Sssr},
	volume={269},
	pages={543--547},
	year={1983}
}

@article{optimisers_review,
	author    = {Sebastian Ruder},
	title     = {An overview of gradient descent optimization algorithms},
	journal   = {CoRR},
	volume    = {abs/1609.04747},
	year      = {2016},
	url       = {http://arxiv.org/abs/1609.04747},
	archivePrefix = {arXiv},
	eprint    = {1609.04747},
	timestamp = {Mon, 13 Aug 2018 16:48:10 +0200},
	biburl    = {https://dblp.org/rec/bib/journals/corr/Ruder16},
	bibsource = {dblp computer science bibliography, https://dblp.org}
}
